@online{NacionesUnidas2024,
  author = {{Naciones Unidas}},
  title = {Declaración Universal de los Derechos Humanos de las Naciones Unidas},
  year = {s.f.},
  url = {https://www.un.org/en/about-us/universal-declaration-of-human-rights},
  urldate = {2024}  
}

@online{Xie2023,
  author = {Shum Xie, Y. M.},
  title = {Estadísticas de la Situación digital, Internet y redes sociales en Guatemala 2023},
  year = {2023},
  month = {abril 27},
  url = {https://yiminshum.com/estadisticas-digital-internet-redes-sociales-guatemala-2023/},
  urldate = {2024}
}

@online{CongresoGuatemala2022,
  author = {{Congreso de la República de Guatemala}},
  title = {LENSEGUA, Ley que Fomenta la Inclusión Social},
  year = {2022},
  url = {https://www.congreso.gob.gt/noticias_congreso/9131/2022/4#gsc.tab=0},
  urldate = {2024}  
}


@online{MarzoPena2022,
  author = "Marzo Peña, A. and Rodríguez Fleitas, X. C. and Fresquet Pedroso, M. M.",
  title = "La lengua de señas. Su importancia en la educación de sordos",
  year = "2022",
  url = "https://www.redalyc.org/articulo.oa?id=360673304006",
  note = "Visitado 2024",
  organization = "Universidad Pedagógica Enrique José Varona, Cuba"
}

@online{RodriguezVelasquezSF,
  author = "Rodríguez S., M. I. and Velásquez G., R. del P.",
  title = "Historia y Gramática de la Lengua de Señas",
  year = "s.f.",
  url = "https://revistas.pedagogica.edu.co/index.php/PYS/article/view/6242/5695",
  note = "Visitado 2024",
  organization = "Universidad Pedagógica Nacional"
}

@online{RuizVilla2022,
  author = "Ruíz Villa, A.",
  title = "La lengua de señas en un mundo globalizado",
  year = "2022",
  url = "https://edu.ijd.org.mx/data/files/La-lengua-de-se-as-en-un-mundo-globalizado_Alejandra-Ruiz-Villa_VBLOG_vf_3.pdf",
  note = "Visitado 2024",
  organization = "Universidad Autónoma de Chihuahua"
}

@online{Parada2022,
  author = "Parada, D.",
  title = "La lengua de señas: puente entre dos mundos",
  year = "2022",
  month = "septiembre 24",
  url = "https://dca.gob.gt/noticias-guatemala-diario-centro-america/testimonial/la-lengua-de-senas-puente-entre-dos-mundos/",
  note = "Visitado 2024",
  organization = "Diario de Centro América"
}

@online{MelendezLabrador2021,
  author = "Meléndez-Labrador, S.",
  title = "El lugar de la lengua de señas como lengua minoritaria en la accesibilidad comunicativa universal",
  year = "2021",
  month = "septiembre 7",
  url = "https://www.redalyc.org/journal/5115/511569019004/html/",
  note = "Visitado 2024",
  organization = "Universidad del Rosario"
}

@online{Aroche2022,
  author = "Aroche, K.",
  title = "El lenguaje de señas guatemalteco",
  year = "2022",
  month = "septiembre 22",
  url = "https://aprende.guatemala.com/cultura-guatemalteca/general/el-lenguaje-de-senas-guatemalteco/",
  note = "Visitado 2024",
  organization = "Guatemala.com"
}

@online{EndangeredLanguages,
  title = "Lengua de señas guatemalteca [LENSEGUA]",
  year = "s.f.",
  url = "https://www.endangeredlanguages.com/lang/7110?hl=en",
  note = "Visitado 2024",
  organization = "Endangered Languages Project"
}

@online{deLeon2021,
  author = "de León, R. I. and Reyes de Ramos, L. and Bámaca, J. R. and Méndez, E.",
  title = "Lenguaje de señas guatemalteco (LENSEGUA)",
  year = "2021",
  month = "julio",
  url = "https://es.scribd.com/document/413170416/Manual-Lenguaje-de-Senas",
  note = "Visitado 2024",
  organization = "Comité Pro Ciegos y Sordos de Guatemala"
}

@online{CongresoGuatemala2020,
  author = "Congreso de la República de Guatemala",
  title = "Decreto número 3-2020: Ley que reconoce y aprueba la Lengua de Señas de Guatemala, LENSEGUA",
  year = "2020",
  month = "febrero 18",
  url = "https://conadi.gob.gt/web/wp-content/uploads/2021/04/Decreto-3-2020-editable.docx",
  note = "Visitado 2024",
  organization = "Diario de Centro América"
}

@online{LenseguaSF,
  title = "Información LENSEGUA",
  year = "s.f.",
  url = "https://LENSEGUA.com/",
  note = "Visitado 2024"
}

@online{PereiroMoya2021,
  author = "Pereiro, E. C. and Moya, N.",
  title = "El sorprendente lenguaje de signos 'caseros' que inventan los niños sordos",
  year = "2021",
  month = "julio 21",
  url = "https://www.guiainfantil.com/articulos/salud/logopedia/el-sorprendente-lenguaje-de-signos/",
  note = "Visitado 2024",
  organization = "Guiainfantil.com"
}

@online{EnSenasGramatica,
  title = "Gramática de las personas sordas",
  year = "s.f.",
  note = "Visitado 2024",
  author = "En-Señas"
}

@online{EnSenasTecnicas,
  title = "Técnicas y reglas para una buena interpretación",
  year = "s.f.",
  note = "Visitado 2024",
  author = "En-Señas"
}

@online{EnSenasCultura,
  title = "Cultura sorda",
  year = "s.f.",
  note = "Visitado 2024",
  author = "En-Señas"
}

@online{OrtegaSF,
  author = "Ortega, K.",
  title = "¿Qué es el diseño UI y cuáles son sus componentes?",
  year = "s.f.",
  url = "https://worldcampus.saintleo.edu/noticias/cuales-son-los-componentes-de-la-interfaz-de-usuario-elementos-del-diseno-ui",
  note = "Visitado 2024",
  organization = "Saint Leo University"
}

@online{Bustos2022,
  author = "Bustos, J. L.",
  title = "Tamaños de los objetos táctiles en una aplicación móvil",
  year = "2022",
  month = "marzo 25",
  url = "https://keepcoding.io/blog/tamanos-objetos-tactiles-aplicacion-movil/",
  note = "Visitado 2024",
  organization = "KeepCoding Bootcamps"
}

@online{Anthony2019,
  author = "Anthony, B.",
  title = "Optimal size and spacing for mobile buttons",
  year = "2019",
  month = "febrero 28",
  url = "https://uxmovement.com/mobile/optimal-size-and-spacing-for-mobile-buttons/",
  note = "Visitado 2024",
  organization = "UX Movement"
}

@online{Pickaso2022,
  author = "Team Pikaso",
  title = "Diseño de Apps: 7 Consejos Para Diseñar Botones UX/UI",
  year = "2022",
  month = "noviembre 22",
  url = "https://pickaso.com/2021/7-consejos-disenar-botones-ux-ui",
  note = "Visitado 2024",
  organization = "PICKASO"
}

@online{Becos2024,
  author = "Bescós, A.",
  title = "La Importancia Vital del Diseño Responsivo en Aplicaciones Móviles",
  year = "2024",
  month = "febrero 10",
  url = "https://www.overant.com/blog/la-importancia-vital-del-diseno-responsivo-en-aplicaciones-moviles/",
  note = "Visitado 2024",
  organization = "Overant"
}

@online{AnonimoUX,
  title = "Diseño UX en Español",
  year = "s.f.",
  url = "https://uxenespanol.com/articulo/basicos-de-ui",
  note = "Visitado 2024"
}

@online{EspacioUXSF,
  title = "Cómo crear paletas de colores para un UI fabuloso",
  year = "N.A.",
  url = "https://www.espacioux.com/blog/paletas-de-colores-ui",
  note = "Visitado 2024",
  organization = "EspacioUX"
}

@online{CamaraSevilla2023,
  author = "Cámara de Comercio de Sevilla",
  title = "El papel de la tipografía en el diseño web. ¿Cómo elegir la adecuada?",
  year = "2023",
  month = "octubre 16",
  url = "https://en.camaradesevilla.com/tipografia/",
  note = "Visitado 2024"
}

@online{Chacon2024,
  author = "Chacón, N.",
  title = "UX: guía completa sobre la experiencia de usuario",
  year = "2024",
  month = "enero 17",
  url = "https://blog.hubspot.es/website/experiencia-de-usuario-ux#que-es",
  note = "Visitado 2024",
  organization = "HubSpot"
}

@online{Leon2013,
  author = "León, R. R.",
  title = "Diseño de Experiencia de Usuario: etapas, actividades, técnicas y herramientas",
  year = "2013",
  month = "junio 6",
  url = "https://www.nosolousabilidad.com/articulos/uxd.htm",
  note = "Visitado 2024"
}

@online{Semi2022,
  author = "Semi, N.",
  title = "10 steps of the UI/UX design process every expert does!",
  year = "2022",
  month = "mayo 6",
  url = "https://bootcamp.uxdesign.cc/10-steps-of-the-ui-ux-design-process-every-expert-does-254e2a17ac34",
  note = "Visitado 2024",
  organization = "Medium"
}

@online{Anonimo2019,
  title = "¿Qué marcas de celulares prefieren en Centroamérica?",
  year = "2019",
  month = "marzo 11",
  url = "https://m.centralamericadata.com/es/article/home/Qu_marcas_de_celulares_prefieren_en_Centroamrica",
  note = "Visitado 2024",
  organization = "Central America Data"
}

@online{Shum2023,
  author = "Shum, Y. M.",
  title = "Estadísticas de la Situación digital, Internet y redes sociales Guatemala 2023",
  year = "2023",
  month = "abril 27",
  url = "https://yiminshum.com/estadisticas-digital-internet-redes-sociales-guatemala-2023/",
  note = "Visitado 2024"
}

@online{AnonimoAndroid,
  title = "Android ofrece oportunidades",
  year = "s.f.",
  url = "https://www.android.com/intl/es_es/everyone/enabling-opportunity/",
  note = "Visitado 2024",
  organization = "Android"
}

@online{RamosSF,
  author = "Ramos, J.",
  title = "¿Qué es MVC, MVP y MVVM?",
  year = "s.f.",
  url = "https://programacionymas.com/blog/android-mvc-mvp-mvvm",
  note = "Visitado 2024",
  organization = "Programación Y Más"
}

@online{Bhadoria2013,
  author = "Bhadoria, D. S.",
  title = "Android MVVM, how to use MVVM in android?",
  year = "2013",
  month = "enero 12",
  url = "https://medium.com/@dheerubhadoria/android-mvvm-how-to-use-mvvm-in-android-example-7dec84a1fb73",
  note = "Visitado 2024",
  organization = "Medium"
}

@book{PhillipsStewart2022,
  author = "Phillips, B. and Stewart, C.",
  title = "Android Programming: The Big Nerd Ranch Guide",
  edition = "Segunda edición",
  publisher = "Big Nerd Ranch", 
  year = "2022"
  
}

%---------------------------------------------------------------------------------------------
@online{Foggetti2023,
  author = {Foggetti, F. and Foggetti, F.},
  title = {Meet the Hand Talk Sign Language Translator App},
  year = {2023},
  month = {abril 11},
  url = {https://www.handtalk.me/en/blog/meet-the-hand-talk-sign-language-translator-app/},
  note = {Visitado 2024}
}

@online{SLAIT,
  author = {{SLAIT}},
  title = {Real-time Sign Language Translator with AI},
  year = {s.f.},
  url = {https://slait.ai/},
  note = {Visitado 2024}
}

@online{LenguajeDeSeñasIA,
  author = {{Lenguaje de señas IA}},
  title = {Aplicaciones en Google Play},
  year = {s.f.},
  url = {https://play.google.com/store/apps/details?id=ai.terp.www.twa},
  note = {Visitado 2024}
}

@online{AISign2023,
  author = {{AI Sign: Sign language}},
  title = {App Store},
  year = {2023},
  month = {enero 7},
  url = {https://apps.apple.com/us/app/ai-sign-sign-language/id1663187476},
  note = {Visitado 2024}
}

@online{SignLanguageTranslatorAI,
  author = {{Sign language translator AI}},
  title = {Aplicaciones en Google Play},
  year = {s.f.},
  url = {https://play.google.com/store/apps/details?id=com.siyaroll.sltranslator},
  note = {Visitado 2024}
}

@online{CongresoGuatemala,
  author = {{Congreso de la República de Guatemala}},
  title = {Día para conmemorar la inclusión social para las personas con discapacidad auditiva},
  year = {s.f.},
  url = {https://www.congreso.gob.gt/noticias_congreso/7190/2021/4#gsc.tab=0},
  note = {Visitado 2024}
}

@online{GobiernoGuatemala2022,
  author = {{Gobierno de Guatemala}, SEGEPLAN and {Comité Pro Ciegos y Sordos de Guatemala}},
  title = {SEGEPLAN y el Comité Pro Ciegos y Sordos de Guatemala comprometidos con la inclusión social de las personas con discapacidad},
  year = {2022},
  month = {octubre 19},
  url = {https://prensa.gob.gt/comunicado/segeplan-y-el-comite-pro-ciegos-y-sordos-de-guatemala-comprometidos-con-la-inclusion},
  note = {Visitado 2024}
}

@online{JoshuaProject,
  author = {{Project, J.}},
  title = {Deaf in Guatemala},
  year = {s.f.},
  url = {https://joshuaproject.net/people_groups/19007/GT},
  note = {Visitado 2024}
}

@online{EndangeredLanguages,
  author = {{Endangered Languages}},
  title = {Did you know Guatemalan Sign Language is threatened?},
  year = {s.f.},
  url = {https://www.endangeredlanguages.com/lang/7110},
  note = {Visitado 2024}
}


@online{Maze2024,
  author = "{Maze}",
  title = "{Diagramas de afinidad en UX: Cómo recolectar, organizar y agrupar datos}",
  year = {2024},
  month = {febrero 1},
  url = {https://maze.co/blog/affinity-diagrams/},
  note = {Visitado en 2024}
}

@online{Santos2024,
  author = "Santos, D.",
  title = "Qué es la técnica de los seis sombreros para pensar y cómo aplicarla",
  year = "2024",
  month = "junio 3",
  url = "https://blog.hubspot.es/?hubs_content=blog.hubspot.es%2Fmarketing%2Fseis-sombreros-para-pensar&hubs_content-cta=null",
  note = "(visitado 2024)"
}

@online{Artigas2017,
  author = "Artigas, S. G.",
  title = "Exponer problemas como habilidad esencial de UX",
  year = "2017",
  month = "junio 28",
  url = "https://torresburriel.com/weblog/exponer-problemas-una-habilidad-esencial-ux/",
  note = "(visitado 2024)"
}

@online{Hamond2024,
  author = "Hamond, M.",
  title = "{Customer Journey Map: qué es, cómo crearlo y ejemplos (con plantilla)}",
  year = "2024",
  month = "febrero 8",
  url = "https://blog.hubspot.es/service/customer-journey-map",
  note = "(visitado 2024)"
}

@online{Adobe2022,
  author = "{Adobe}",
  title = "{User flow diagram — what it is, why it’s important, and how to create one}",
  year = "2022",
  month = "noviembre 14",
  url = "https://business.adobe.com/blog/basics/how-to-make-a-user-flow-diagram",
  note = "(visitado 2024)"
}

@online{Rees2024,
  author = "Rees, D.",
  title = "{What is wireframing | Experience UX}",
  year = "2024",
  month = "febrero 27",
  url = "https://www.experienceux.co.uk/faqs/what-is-wireframing/",
  note = "(visitado 2024)"
}

@online{Design2024,
  author = "{Design}",
  title = "{Best fonts for mobile app design}",
  year = "2024",
  month = "junio 4",
  url = "https://www.justinmind.com/ui-design/best-font-mobile-app",
  note = "(visitado 2024)"
}

@online{DeLaGrana2024,
  author = "De La Grana, A.",
  title = "{Jetpack Compose vs XML: Android UI development compared}",
  year = "2024",
  month = "agosto 28",
  url = "https://qubika.com/blog/jetpack-compose-vs-xml-android-u/",
  note = "(visitado 2024)"
}


@online{Ozaltun2022,
  author = "Özaltun, S.",
  title = "{ViewBinding vs DataBinding | Diferencias y Detalles}",
  year = "2022",
  month = "Noviembre 18",
  url = "https://medium.com/huawei-developers/viewbinding-vs-databinding-differences-and-detailed-8bfd4dbe290f",
  note = "(visitado 2024)"
}

@online{AdonideFont,
  author = {{Graphique, La Boîte}},
  title = {Adonide},
  year = {s.f.},
  url = {https://www.myfonts.com/es/collections/adonide-font-la-boite-graphique},
  note = {Accedido: 2024-09-12}
}

@online{asana2024,
  author = {{Asana}},
  title = {¿Qué es Kanban?},
  year = {2024},
  url = {https://asana.com/es/resources/what-is-kanban},
  note = {Accedido: 2024-09-12}
}

@online{meijomil2024,
    author    = {Sergio Meijomil},
    title     = {Qué es un deeplink, para qué sirve y ejemplos},
    year      = {2024},
    month     = {February},
    day       = {6},
    url       = {https://www.inboundcycle.com/diccionario-marketing-online/deeplink},
    note      = {Consultado el: 6 de Febrero de 2024}
}


@book{Linux,
  author = {Christopher Negus},
  title = {Linux Bible},
  year = {2020},
  publisher = {John Wiley \& Sons}
}

@online{HistoriaLinux,
  author = {{GeeksforGeeks}},
  title = {History of Linux},
  year = {2024},
  url = {https://www.geeksforgeeks.org/linux-history/},
  urldate = {2024}
}

@online{LinuxServer,
  author = {{Red Hat}},
  title = {What is a Linux server?},
  year = {s.f.},
  url = {https://www.redhat.com/en/topics/linux/linux-server},
  urldate = {2024}
}

@online{Virtualizacion,
  author = {{Techopedia}},
  title = {Virtualization: How it works},
  year = {2022},
  url = {https://www.techopedia.com/definition/654/virtualization},
  urldate = {2024}
}

@book{Virtualizacion2,
  author = {Christopher Negus},
  title = {Linux Bible},
  publisher = {John Wiley \& Sons},
  year = {2020}
}

@online{Multipass,
  author = {{Multipass}},
  title = {Multipass Documentation},
  year = {s.f.},
  url = {https://multipass.run/docs},
  urldate = {2024}
}

@online{VPN,
  author = {{Amazon Web Services}},
  title = {¿Qué es una VPN? - Explicación de las redes privadas virtuales},
  year = {s.f.},
  url = {https://aws.amazon.com/es/what-is/vpn/},
  urldate = {2024}
}

@online{Relacionales,
  author = {{IBM}},
  title = {¿Qué es una base de datos relacional?},
  year = {s.f.},
  url = {https://www.ibm.com/mx-es/topics/relational-databases},
  urldate = {2024}
}

@book{Postgres,
  author = {Bruce Momjian},
  title = {PostgreSQL: Introduction and Concepts},
  year = {2000},
  publisher = {Addison-Wesley}
}

@online{ArquitecturaDatos,
  author = {{IBM}},
  title = {Data Architecture Overview},
  year = {s.f.},
  url = {https://www.ibm.com/cloud/learn/data-architecture},
  urldate = {2024}
}

@online{API,
  author = {{Amazon Web Services}},
  title = {¿Qué es una API? - Explicación de interfaz de programación de aplicaciones},
  year = {s.f.},
  url = {https://aws.amazon.com/es/what-is/api/},
  urldate = {2024}
}

@online{UsoAPI,
  author = {{HowToGeek}},
  title = {How to Use APIs: A Guide for Beginners},
  year = {2021},
  url = {https://www.howtogeek.com/123466/how-to-use-apis/},
  urldate = {2024}
}

@online{ImplementarAPI,
  author = {{HowToGeek}},
  title = {Implementing APIs with Databases},
  year = {s.f.},
  url = {https://www.howtogeek.com/implementing-apis-databases/},
  urldate = {2024}
}

@online{ImplementarAPIDatos,
  author = {{HowToGeek}},
  title = {Sending and Receiving Data with APIs},
  year = {s.f.},
  url = {https://www.howtogeek.com/sending-receiving-data-api/},
  urldate = {2024}
}

@article{DARPA,
  author = {David D. Clark},
  title = {The design philosophy of the DARPA internet protocols},
  journal = {Computer Communication Review},
  year = {1988},
  volume = {18},
  number = {4},
  pages = {106-114},
  doi = {10.1145/52325.52336}
}

@online{pgbench,
  author = {José Segovia},
  title = {Realizar pruebas de rendimiento con pgbench},
  year = {2019},
  url = {https://www.todopostgresql.com/pgbench/#:~:text=Pgbench%20es%20un%20programa%20simple,media%20(transacciones%20por%20segundo)},
  urldate = {2024}
}

@online{StressTesting,
  author = {{Techopedia}},
  title = {Stress Testing Servers},
  year = {2022},
  url = {https://www.techopedia.com/stress-testing-servers/7/340},
  urldate = {2024}
}

@online{MonitoringTools,
  author = {{DigitalOcean}},
  title = {System Monitoring Tools: A Comprehensive Guide},
  year = {2021},
  url = {https://www.digitalocean.com/monitoring-tools/},
  urldate = {2024}
}

@online{LoadTestingTools,
  author = {{TestTool}},
  title = {Load Testing Tools: Apache JMeter, Locust, wrk},
  year = {2021},
  url = {https://www.test-tool.com/load-testing-tools/},
  urldate = {2024}
}

@online{Raid,
  author = {{Dell}},
  title = {RAID Controllers for Dell PowerEdge Servers},
  year = {s.f.},
  url = {https://www.dell.com/support/kbdoc/es-gt/000137374/descripci%C3%B3n-de-los-tipos-de-disco-duro-raid-y-controladoras-raid-en-los-servidores-dell-poweredge-y-chasis-del-servidor-blade},
  urldate = {2024}
}

@online{OpenVPNSetup,
  author = {{HowToGeek}},
  title = {How to Set Up OpenVPN on Ubuntu},
  year = {2022},
  url = {https://www.howtogeek.com/openvpn-setup-ubuntu/},
  urldate = {2024}
}

@online{Conadi2021,
  author = {{Consejo Nacional para la Atención de las Personas con Discapacidad}},
  title = {Informe sobre la población sorda en Guatemala},
  year = {2021},
  url = {https://ejemplo.com/informe-conadi},
  urldate = {2024}
}

@online{OpenVPN,
  author = {{Servicio al Cliente de NordVPN}},
  title = {¿Qué es OpenVPN?},
  year = {s.f.},
  url = {https://support.nordvpn.com/hc/es/articles/19683394518161--Qu%C3%A9-es-OpenVPN#:~:text=OpenVPN%20es%20un%20protocolo%20VPN,o%20de%20punto%20a%20punto},
  urldate = {2024}
}

@online{digitalocean_openvpn,
  author = {{DigitalOcean}},
  title = {How To Set Up and Configure an OpenVPN Server on Ubuntu 20.04},
  year = {s.f.},
  url = {https://www.digitalocean.com/community/tutorials/how-to-set-up-and-configure-an-openvpn-server-on-ubuntu-20-04},
  urldate = {2024}
}

@techreport{NISTCybersecurityFramework,
  author = {{National Institute of Standards and Technology}},
  title = {Cybersecurity Framework 2.0},
  year = {2024},
  institution = {National Institute of Standards and Technology},
  number = {NIST.CSWP.29.spa},
  url = {https://www.nist.gov/cyberframework},
  urldate = {2024}
}

@online{LynisHardeningIndex,
  author = {{Michael Boelen}},
  title = {Lynis Hardening Index},
  year = {s.f.},
  url = {https://linux-audit.com/lynis/lynis-hardening-index/},
  urldate = {2024}
}

@techreport{CISBenchmarksReport,
  author = {{Center for Internet Security}},
  title = {CIS Benchmarks: Configuration Guidelines for Security},
  year = {2024},
  institution = {Center for Internet Security},
  url = {https://www.cisecurity.org/cis-benchmarks},
  urldate = {2024},
  note = {Acceso en línea}
}

@online{LynisHardeningIndex,
  author = {{Michael Boelen}},
  title = {Lynis Hardening Index: Understanding and Improving System Security},
  year = {s.f.},
  url = {https://linux-audit.com/lynis/lynis-hardening-index/},
  urldate = {2024}
}

@techreport{HostingerCrontabTutorial,
  author = {{Hostinger}},
  title = {Sintaxis Crontab: Tutorial Completo},
  year = {2024},
  institution = {Hostinger},
  url = {https://www.hostinger.es/tutoriales/sintaxis-crontab},
  urldate = {2024},
  note = {Acceso en línea}
}

@techreport{E2ETestingOverview,
  author = {{Parasoft}},
  title = {¿Qué son las pruebas de un extremo a otro? Una descripción general completa},
  year = {2024},
  institution = {Parasoft},
  url = {https://es.parasoft.com/learning-center/end-to-end-testing-guide/},
  urldate = {2024},
  note = {Acceso en línea}
}

@techreport{LoadViewLoadTesting,
  author = {{LoadView}},
  title = {¿Qué es la prueba de carga? | Mejores prácticas en 2024},
  year = {2024},
  institution = {LoadView},
  url = {https://www.loadview-testing.com/es/mas-informacion-sobre-las-pruebas-de-carga/pruebas-de-carga/},
  urldate = {2024},
  note = {Acceso en línea}
}

@manual{PythonTesting,
  author = {{Python Software Foundation}},
  title = {Pruebas automatizadas con scripts de Python},
  year = {2024},
  url = {https://peerdh.com/es/blogs/programming-insights/automated-testing-with-python-scripts-3},
  urldate = {2024-12-28},
  note = {Acceso en línea}
}

@manual{NGINXAmplifyMonitoring,
  author = {{NGINX, Inc.}},
  title = {NGINX Amplify: Monitoriza tus servidores web NGINX},
  year = {2024},
  url = {https://www.xn--linuxenespaol-skb.com/herramientas/nginx-amplify-monitoriza-tus-servidores-web-nginx/},
  urldate = {2024-12-28},
  note = {Acceso en línea}
}
